% This file was created with JabRef 2.10.
% Encoding: Cp1252

@electronic{bib:introduccion:smartphone,
  title		  	= "Global smartphone penetration 2014",
  url        	= "https://ondeviceresearch.com/blog/global-smartphone-penetration-2014"
}

@electronic{bib:introduccion:sriov,
  title		  	= {PCIe SR-IOV official specifications},
  url        	= "https://www.pcisig.com/specifications/iov/single_root/"
}

@electronic{bib:internet:growth,
  title		  	= "Crecimiento de internet entre 1995 y 2014",
  url        	= "http://www.internetworldstats.com/emarketing.htm"
}

@article{Atzori20102787,
title = "The Internet of Things: A survey ",
journal = "Computer Networks ",
volume = "54",
number = "15",
pages = "2787 - 2805",
year = "2010",
note = "",
issn = "1389-1286",
doi = "http://dx.doi.org/10.1016/j.comnet.2010.05.010",
url = "http://www.sciencedirect.com/science/article/pii/S1389128610001568",
author = "Luigi Atzori and Antonio Iera and Giacomo Morabito",
keywords = "Internet of Things",
keywords = "Pervasive computing",
keywords = "\{RFID\} systems "
}

@ARTICLE{7101227, 
author={Moreno, V. and Ramos, J. and Santiago del Rio, P. and Garcia-Dorado, J.L. and Gomez-Arribas, F.J. and Aracil, J.}, 
journal={Communications Surveys Tutorials, IEEE}, 
title={Commodity Packet Capture Engines: tutorial, cookbook and applicability}, 
year={2015}, 
month={}, 
volume={PP}, 
number={99}, 
pages={1-1}, 
keywords={Engines;Hardware;Kernel;Program processors;Tutorials;Commodity hardware;high-performance networking;network traffic monitoring;packet capture engine}, 
doi={10.1109/COMST.2015.2424887}, 
ISSN={1553-877X},}

@phdthesis{de2013proactive,
  title={Proactive measurement techniques for network monitoring in heterogeneous environments},
  author={de Santiago, Javier Ramos and Rico, Javier Aracil},
  year={2013},
  school={Universidad Aut{\'o}noma de Madrid}
}
@article{fuertes2007quantitative,
  title={A quantitative comparison of virtual network environments based on performance measurements},
  author={Fuertes, Walter M and L{\'o}pez de Vergara, Jorge E},
  journal={Poster at the 14th Workshop of the HP Software University Association},
  year={2007}
}

@article{Ramos20111435,
title = "On the effect of concurrent applications in bandwidth measurement speedometers ",
journal = "Computer Networks ",
volume = "55",
number = "6",
pages = "1435 - 1453",
year = "2011",
note = "",
issn = "1389-1286",
doi = "http://dx.doi.org/10.1016/j.comnet.2010.10.022",
url = "http://www.sciencedirect.com/science/article/pii/S1389128610003683",
author = "J. Ramos and P.M. Santiago del Río and J. Aracil and J.E. López de Vergara",
keywords = "\{IP\} bandwidth measurements",
keywords = "Speedometers",
keywords = "Cross-traffic",
keywords = "\{CPU\} and memory load",
keywords = "Packet-train "
}

@article{hernandomeasuring,
  title={Measuring MPEG Frame Loss Rate to Evaluate the Quality of Experience in IPTV Services},
  author={Hernando-Loeda, Diego and L{\'o}pez de Vergara, Jorge E and Aracil, Javier and Madrigal, David and Mata, Felipe},
  journal={Quality of Experience Engineering for Customer Added Value Services},
  pages={31--51},
  publisher={Wiley Online Library},
  year="2013"
}

@inproceedings{garnica2010argos,
  title={ARGOS: A GPS Time-Synchronized Network Interface Card based on NetFPGA},
  author={Garnica, Jaime J and Moreno, Victor and Gonzalez, Ivan and Lopez-Buedo, Sergio and Gomez-Arribas, Francisco J and Aracil, Javier},
  booktitle={2nd North American NetFPGA Developers Workshop},
  year={2010}
}

@misc{kaemmerer2015method,
  title={Method and system for recording, synchronizing and analysing data by means of analysis devices which are spatially distributed in a communication network},
  author={Kaemmerer, Ulrich and Hortig, Michael},
  year={2015},
  month=may # "~12",
  publisher={Google Patents},
  note={US Patent 9,031,055}
}

@article{garcia2014low,
  title={Low-cost and high-performance: VoIP monitoring and full-data retention at multi-Gb/s rates using commodity hardware},
  author={Garc{\'\i}a-Dorado, Jos{\'e} Luis and Santiago del R{\'\i}o, Pedro M and Ramos, Javier and Muelas, David and Moreno, Victor and L{\'o}pez de Vergara, Jorge E and Aracil, Javier},
  journal={International Journal of Network Management},
  volume={24},
  number={3},
  pages={181--199},
  year={2014}
}

@misc{bib:tilera,
	title={{Tilera Network Processor}},
	author={Tilera},
	note={\url{http://www.tilera.com/}, [14 Junio 2015]},
	year={2015}
}

@misc{bib:dpdkpktgen,
	title={{Traffic generator powered by DPDK (pktgen-dpdk)}},
	author={Keith Wiles},
	note={\url{http://dpdk.org/browse/apps/pktgen-dpdk/}, [22 Junio 2015]},
	year={2015}
}

@misc{bib:openvz,
	title={{OpenVz wiki page}},
	author={OpenVz},
	note={\url{https://openvz.org/Main_Page}, [15 Junio 2015]},
	year={2015}
}
@misc{bib:vmware,
	title={{VMware start page}},
	author={VMware},
	note={\url{http://www.vmware.com/es}, [15 Junio 2015]},
	year={2015}
}
@misc{bib:xen,
	title={{Xen Project start page}},
	author={Xen Project},
	note={\url{http://www.xenproject.org/}, [15 Junio 2015]},
	year={2015}
}
@misc{bib:virtualbox,
	title={{VirtualBox start page}},
	author={VirtualBox},
	note={\url{https://www.virtualbox.org/}, [15 Junio 2015]},
	year={2015}
}
@misc{bib:kvm,
	title={{Kernel Virtual Machine start page}},
	author={KVM},
	note={\url{http://www.linux-kvm.org/page/Main_Page}, [15 Junio 2015]},
	year={2015}
}
@misc{bib:tcpdump,
	title={{TCPDump}},
	author={TCPDump and Libpcap},
	note={\url{http://www.tcpdump.org/}, [24 Junio 2015]},
	year={2015}
}

@misc{bib:tilera:dpi200,
	title={{Procera Networks and Tilera Unleash 200Gbps Deep Packet Inspection Solution}},
	author={Procera},
	note={\url{http://www.proceranetworks.com/recent-press-releases/1203-procera-networks-and-tilera-unleash-200gbps-deep-packet-inspection-solution.html}, [15 Junio 2015]},
	year={2015}
}


@inproceedings{zazo2014tnt10g,
  title={TNT10G: A high-accuracy 10 GbE traffic player and recorder for multi-Terabyte traces},
  author={Zazo, Jose Fernando and Forconesi, Marco and Lopez-Buedo, Sergio and Sutter, Gustavo and Aracil, Javier},
  booktitle={ReConFigurable Computing and FPGAs (ReConFig), 2014 International Conference on},
  pages={1--6},
  year={2014},
  organization={IEEE}
}

@INPROCEEDINGS{1209210, 
author={Kodialam, M. and Lakshman, T.V.}, 
booktitle={INFOCOM 2003. Twenty-Second Annual Joint Conference of the IEEE Computer and Communications. IEEE Societies}, 
title={Detecting network intrusions via sampling: a game theoretic approach}, 
year={2003}, 
month={March}, 
volume={3}, 
pages={1880-1889 vol.3}, 
keywords={game theory;packet switching;sampling methods;telecommunication links;telecommunication network routing;telecommunication security;communication network;game theoretic problem;network intrusion detection;network link;packet examination hardware;real-time packet sampling;router interfaces;shortest path routing;Communication networks;Computer crime;Costs;Drugs;Game theory;Hardware;Intrusion detection;Routing;Sampling methods;Telecommunication traffic}, 
doi={10.1109/INFCOM.2003.1209210}, 
ISSN={0743-166X}}

@inproceedings{Brauckhoff:2006:IPS:1177080.1177101,
 author = {Brauckhoff, Daniela and Tellenbach, Bernhard and Wagner, Arno and May, Martin and Lakhina, Anukool},
 title = {Impact of Packet Sampling on Anomaly Detection Metrics},
 booktitle = {Proceedings of the 6th ACM SIGCOMM Conference on Internet Measurement},
 series = {IMC '06},
 year = {2006},
 isbn = {1-59593-561-4},
 location = {Rio de Janeriro, Brazil},
 pages = {159--164},
 numpages = {6},
 url = {http://doi.acm.org/10.1145/1177080.1177101},
 doi = {10.1145/1177080.1177101},
 acmid = {1177101},
 publisher = {ACM},
 address = {New York, NY, USA},
 keywords = {anomaly detection, network traffic analysis, sampling}
} 

@incollection{schlosser2011performance,
  title={Performance comparison of hardware virtualization platforms},
  author={Schlosser, Daniel and Duelli, Michael and Goll, Sebastian},
  booktitle={NETWORKING 2011},
  pages={393--405},
  year={2011},
  publisher={Springer}
}


@book{hadoop-definitive-guide,
	author={White, Tom},
	title={Hadoop: The Definitive Guide},
	year={2012},
	isbn={1449311520, 9781449311520},
	publisher={O'Reilly Media, Inc.},
}
@misc{hadoop,
	Title="{Apache Hadoop}",
	Url={http://hadoop.apache.org},
	Note={[Disponible: \url{http://hadoop.apache.org}]}
}

@article{russell2008virtio,
  title={virtio: towards a de-facto standard for virtual I/O devices},
  author={Russell, Rusty},
  journal={ACM SIGOPS Operating Systems Review},
  volume={42},
  number={5},
  pages={95--103},
  year={2008},
  publisher={ACM}
}

@MASTERSTHESIS{rleira2013TFG,
	author={Leira Osuna, Rafael},
	title={Clasificaci{\'o}n de flujos en 10 Gbps Ethernet mediante Intel DPDK y GPUS},
	school={Universidad Aut\'onoma de Madrid},
	year={2013},
	type = "{B.S. Thesis}",
    note = {\url{http://ir.ii.uam.es/~fdiez/TFGs/gestion/leidos/2013/20130611RafaelLeiraOsuna.pdf}, [16 Junio 2015]}
}


%%%%%%%%
%% PAPER
%%%%%%%%

@INPROCEEDINGS{YuINCP04,
author={Yu, F. and Katz, R.H. and Lakshman, T.V.},
booktitle={Proceedings of IEEE Conference on Network Protocols},
title={Gigabit rate packet pattern-matching using {TCAM}},
year={2004},
}
month={Oct},
pages={174-183},

@ARTICLE{forconesi14ieeenet,
  author = {Forconesi, M. and Sutter, G. and Lopez-Buedo, S. and Lopez de Vergara, J.E. and Aracil, J.},
  title = {Bridging the Gap Between Hardware and Software Open-Source Network Developments},
  journal = {IEEE Network},
  year = {2014},
  volume = {28},
  number = {5},
}
month={Sep},
pages={},

@article{yangJsuperc2013,
	year={2014},
	issn={0920-8542},
	journal={The Journal of Supercomputing},
	volume={68},
	number={1},
	doi={10.1007/s11227-013-1034-4},
	title={Implementation of GPU virtualization using PCI pass-through mechanism},
	url={http://dx.doi.org/10.1007/s11227-013-1034-4},
	publisher={Springer US},
	keywords={CUDA; GPU virtualization; Cloud computing; PCI pass-through},
	author={Yang, C.T. and Liu, J.C. and Wang, H.Y. and Hsu, C.H.},
	pages={183-213},
	language={English}
}

@inproceedings{Braun2010SIGCOMM,
 author = {Braun, L. and Didebulidze, A. and Kammenhuber, N. and Carle, G.},
 title = {Comparing and Improving Current Packet Capturing Solutions Based on Commodity Hardware},
 booktitle = {Proceedings of the 10th ACM SIGCOMM Conference on Internet Measurement},
 series = {IMC '10},
 year = {2010},
 isbn = {978-1-4503-0483-2},
 location = {Melbourne, Australia},
 pages = {206--217},
 numpages = {12},
 url = {http://doi.acm.org/10.1145/1879141.1879168},
 doi = {10.1145/1879141.1879168},
 acmid = {1879168},
 publisher = {ACM},
 address = {New York, NY, USA},
 keywords = {measurement, operating systems, packet capturing},
} 

@incollection{doradoTMABOOK2012, 
 year={2013}, 
 isbn={978-3-642-36783-0}, 
 booktitle={Data Traffic Monitoring and Analysis}, 
 volume={7754}, 
 series={Lecture Notes in Computer Science}, 
 doi={10.1007/978-3-642-36784-7_1}, 
 title={High-Performance Network Traffic Processing Systems Using Commodity Hardware}, 
 url={http://dx.doi.org/10.1007/978-3-642-36784-7_1}, 
 publisher={Springer Berlin Heidelberg}, 
 author={Garc\'ia-Dorado, J.L. and Mata, F. and Ramos, J. and Santiago del R\'io, P.M. and Moreno, V. and Aracil, J.}, 
 pages={3-27} 
}
 editor={Biersack, Ernst and Callegari, Christian and Matijasevic, Maja}, 
 keywords={commodity hardware; packet capture engine; high-performance networking; network traffic monitoring}, 

@ARTICLE{wenji11commletters,
  author = {Wenji, W. and DeMar, P. and Crawford, M.},
  title = {Why Can Some Advanced {E}thernet {NIC}s Cause Packet Reordering?},
  journal = {IEEE Communications Letters},
  year = {2011},
  volume = {15},
  pages = {253--255},
  number = {2},
}
 month = feb,
  author = {Wenji Wu and DeMar, P. and Crawford, M.},


@ARTICLE{moreno12commletters,
  author = {Moreno, V. and Santiago del R\'io, P. M. and Ramos, J. and Garnica, J.J. and Garc\'ia-Dorado, J. L.},
  title = {Batch to the Future: Analyzing Timestamp Accuracy of High-Performance Packet {I/O} Engines},
  journal = {IEEE Communications Letters},
  year = {2012},
  volume={16},
  pages={1888-1891},
  number={11}
}

@inproceedings{rizzo13acmarch,
 author = {Rizzo, L. and Lettieri, G. and Maffione, V.},
 title = {Speeding Up Packet I/O in Virtual Machines},
 booktitle = {Proceedings of the Ninth ACM/IEEE Symposium on Architectures for Networking and Communications Systems},
 series = {ANCS '13},
 year = {2013},
 isbn = {978-1-4799-1640-5},
 location = {San Jose, California, USA},
 pages = {47--58},
 numpages = {12},
 url = {http://dl.acm.org/citation.cfm?id=2537857.2537864},
 acmid = {2537864},
 publisher = {IEEE Press},
 address = {Piscataway, NJ, USA},
 keywords = {netmap, software switches, virtual machines},
}

@MISC{caida2014,
author = {Walsworth, C. and Aben, E. and Claffy, k.c. and Andersen, D.},
title = {The {CAIDA} Anonymized {I}nternet traces 2014 dataset},
note = {\url{http://www.caida.org/data/passive/passive_2014_dataset.xml}, [1 October 2014]}
}


@article{armbrust2010acmcomm,
 author = {Armbrust, M. and Fox, A. and Griffith, R. and Joseph, A.D. and Katz, R. and Konwinski, A. and Lee, G. and Patterson, D. and Rabkin, A. and Stoica, I. and Zaharia, M.},
 title = {A View of Cloud Computing},
 journal = {Commun. ACM},
 issue_date = {April 2010},
 volume = {53},
 number = {4},
 month = apr,
 year = {2010},
 issn = {0001-0782},
 pages = {50--58},
 numpages = {9},
 url = {http://doi.acm.org/10.1145/1721654.1721672},
 doi = {10.1145/1721654.1721672},
 acmid = {1721672},
 publisher = {ACM},
 address = {New York, NY, USA},
} 

@inproceedings{Monsanto2013csn,
 author = {Monsanto, C. and Reich, J. and Foster, N. and Rexford, J. and Walker, D.},
 title = {Composing Software-defined Networks},
 booktitle = {Proceedings of the 10th USENIX Conference on Networked Systems Design and Implementation},
 series = {nsdi'13},
 year = {2013},
 location = {Lombard, IL},
 pages = {1--14},
 numpages = {14},
 url = {http://dl.acm.org/citation.cfm?id=2482626.2482629},
 acmid = {2482629},
 publisher = {USENIX Association},
 address = {Berkeley, CA, USA},
}

@article{kudryastev2013pcs,
year={2013},
issn={0361-7688},
journal={Programming and Computer Software},
volume={39},
number={6},
doi={10.1134/S0361768813060042},
title={Prospects for virtualization of high-performance x64 systems},
url={http://dx.doi.org/10.1134/S0361768813060042},
publisher={Pleiades Publishing},
author={Kudryavtsev, A.O. and Koshelev, V.K. and Avetisyan, A.I.},
pages={285-294},
language={English}
}

@misc{claise2004cisco,
  author        = "{Claise, Benoit}",
  title			={Cisco systems NetFlow services export version 9},
  howpublished  = "RFC 3954",
  month         = oct,
  year          = "2004",
  url			= "http://www.ietf.org/rfc/rfc3954.txt"
}

@misc{claise2008specification,
  author        = "{Claise, Benoit}",
  title			={Specification of the IP flow information export (IPFIX) protocol for the exchange of IP traffic flow information},
  howpublished  = "RFC 5101",
  month         = jan,
  year          = "2008",
  url			= "http://www.ietf.org/rfc/rfc5101.txt"
}

@article{hofstede14surveys, 
author={Hofstede, R. and Celeda, P. and Trammell, B. and Drago, I and Sadre, R. and Sperotto, A and Pras, A}, 
journal={Communications Surveys Tutorials, IEEE}, 
title={Flow Monitoring Explained: From Packet Capture to Data Analysis with NetFlow and IPFIX}, 
year={2014}, 
month={}, 
volume={PP}, 
number={99}, 
pages={1-1}, 
keywords={Data analysis;Electronic mail;Internet;Monitoring;Protocols;Standards;Tutorials}, 
doi={10.1109/COMST.2014.2321898}, 
ISSN={1553-877X},}

@article{morenoIEEECOMML2012, 
 author = {Moreno, V. and Santiago del Rio, P.M. and Ramos, J. and Garnica, J. and Garcia-Dorado, J.L.}, 
 title = {{Batch to the Future: Analyzing Timestamp Accuracy of High-Performance Packet I/O Engines}}, 
 journal = {Communications Letters, IEEE}, 
 year = {2012}, 
 month={november }, 
 volume={16}, 
 number={11}, 
 pages={1888 -1891}, 
 keywords={}, 
 doi = {10.1109/LCOMM.092812.121433}, 
 ISSN = {1089-7798}, 
 url = {http://arantxa.ii.uam.es/~vmoreno/Publications/Journals/morenoIEEECOMML2012.pdf} 
}

@misc{dpdk2015,
	title={{Intel Data Plane Development Kit (Intel DPDK) Release Notes}},
	author={Intel},
	note={\url{http://www.dpdk.org/doc/guides/rel_notes/}, [03 Abril 2015]},
	year={2015}
}

@misc{dpdkspeedometer,
	title={{Intel Data Plane Development Kit (DPDK) Speedometer (Bandwidth consumed monitor)}},
	author={Leira Osuna, Rafael},
	note={\url{https://github.com/hpcn-uam/iDPDK-Speedometer}, [16 Junio 2015]},
	year={2015}
}

@misc{bib:hptl,
	title={{High Performance Timing Library (HPTL)}},
	author={Leira Osuna, Rafael},
	note={\url{https://github.com/ralequi/hptimelib}, [16 Junio 2015]},
	year={2015}
}

@article{morenoIJNM2014, 
 author = {Moreno, V. and Santiago del R\'io, P. M. and Ramos, J. and Muelas, D. and Garc\'ia-Dorado, J. L. and Gomez-Arribas, F. J. and Aracil, J.}, 
 title = {Multi-granular, multi-purpose and multi-{G}b/s monitoring on off-the-shelf systems}, 
 journal = {International Journal of Network Management}, 
 year = {2014}, 
 volume={24}, 
 number={4}, 
 pages={221--234}, 
 keywords={}, 
 ISSN = {1099-1190}, 
}
 doi = {10.1002/nem.1861}, 
 url = {http://arantxa.ii.uam.es/~vmoreno/Publications/Journals/morenoIJNM2014.pdf} 
 month={7}, 



@INPROCEEDINGS{younge2011CLOUD, 
author={Younge, AJ. and Henschel, R. and Brown, J.T. and von Laszewski, G. and Qiu, J. and Fox, G.C.}, 
booktitle={Cloud Computing (CLOUD), 2011 IEEE International Conference on}, 
title={Analysis of Virtualization Technologies for High Performance Computing Environments}, 
year={2011}, 
month={July}, 
pages={9-16}, 
keywords={cloud computing;virtualisation;cloud computing;cloud infrastructure;distributed systems;grid resources;high performance computing environments;virtualization technologies analysis;Benchmark testing;Cloud computing;Hardware;Kernel;Linux;Virtual machine monitors;Virtual machining}, 
doi={10.1109/CLOUD.2011.29}, 
ISSN={2159-6182},}


%%%%%%%%%%%%%%%%%%%%%%%%%%%%%%%%%%%%%%%%%
%%%%%%%%%%%%%%%%%%%%%%%%%%%%%%%%%%%%%%%%%
%%%%%%%%%%%%%%%%%%%%%%%%%%%%%%%%%%%%%%%%%
%%%%%%%%%%%%%%%%%%%%%%%%%%%%%%%%%%%%%%%%%
%%%%%%%%%%%%%%%%%%%%%%%%%%%%%%%%%%%%%%%%%
%%%%%%%%%%%%%%%%%%%%%%%%%%%%%%%%%%%%%%%%%

% This file was created with JabRef 2.7.2.
% Encoding: Cp1252

@INPROCEEDINGS{bonelli12pam,
  author = {Bonelli, N. and Di Pietro, A. and Giordano, S. and Procissi, G.},
  title = {On Multi-gigabit Packet Capturing with Multi-core Commodity Hardware},
  booktitle = {Proceedings of Passive and Active Measurement Conference},
year={2012}
}
  author = {Bonelli, Nicola and Di Pietro, Andrea and Giordano, Stefano and Procissi, Gregorio},

@INPROCEEDINGS{braun10imc,
  author = {Braun, L. and Didebulidze, A. and Kammenhuber, N. and Carle, G.},
  title = {Comparing and improving current packet capturing solutions based on commodity hardware},
  booktitle = {Proceedings of ACM Internet Measurement Conference},
  year = {2010},
  isbn = {978-1-4503-0483-2},
  location = {Melbourne, Australia},
  numpages = {12}
}
% pages = {206--217},
  author = {Braun, Lothar and Didebulidze, Alexander and Kammenhuber, Nils and Carle, Georg},

@INPROCEEDINGS{cardigliano11imc,
  author = {A. Cardigliano and J. Gasparakis and F. Fusco},
  title = {{vPF\_RING}: Towards Wire-Speed Network Monitoring Using Virtual
	Machines},
  booktitle = {Proceedings of ACM Internet Measurement Conference},
  year={2011},
}

@ARTICLE{dainotti12network,
  author = {Dainotti, A and Pescape, A and Claffy, K C},
  title = {Issues and future directions in traffic classification},
  journal = {Network, IEEE},
  year = {2012},
  volume = {26},
  pages = {35 -40},
  number = {1},
}
 % month = {january-february}

@INPROCEEDINGS{danelutto11parco,
  author = {Danelutto, M. and Deri, L. and De Sensi, D.},
  title = {Network Monitoring on Multicores with Algorithmic Skeletons},
  booktitle = {International Conference on Parallel Computing},
year={2011},
}

@ARTICLE{Dashtbozorgi12JSC,
  author = {Dashtbozorgi, Mahdi and Abdollahi Azgomi, Mohammad},
  title = {A high-performance and scalable multi-core aware software solution
	for network monitoring},
  journal = {Journal of Supercomputing},
  year = {2012},
  volume = {59},
  pages = {720--743},
  number = {2},
}
 % month = feb

@INPROCEEDINGS{dobrescu09sosp,
  author = {Dobrescu, M. and Egi, N. and Argyraki, K. and Chun,	B.-G. and Fall, K. and Iannaccone, G. and Knies, A. and Manesh, M. and Ratnasamy, S.},
  title = {RouteBricks: exploiting parallelism to scale software routers},
  booktitle = {Proceedings of ACM SIGOPS Symposium on Operating Systems Principles},
  year = {2009},
  acmid = {1629578},
  isbn = {978-1-60558-752-3},
  keywords = {multicore, parallelism, programmability, software router},
  location = {Big Sky, Montana, USA},
  numpages = {14},
}
  doi = {10.1145/1629575.1629578},
  url = {http://doi.acm.org/10.1145/1629575.1629578}
  %series = {SOSP '09},
  %pages = {15--28},
 % address = {New York, NY, USA},
 % publisher = {ACM},


@INPROCEEDINGS{fusco10imc,
  author = {Fusco, F. and Deri, L.},
  title = {High speed network traffic analysis with commodity multi-core systems},
    booktitle = {Proceedings of ACM Internet Measurement Conference},
 year={2010},
}
#pages={218-224},

@MISC{ciscoIOS,
  author = {Tim Greene},
  title = {Cisco opening up IOS},
  howpublished = {Online},
  month = {December},
  year = {2007},
  owner = {fmata},
  timestamp = {2012.05.21},
  url = {http://www.networkworld.com/news/2007/121207-cisco-ios.html}
}

@INPROCEEDINGS{han10sigcomm,
  author = {Han, S. and Jang, K. and Park, K S and Moon, S.},
  title = {{PacketShader}: a {GPU}-accelerated software router},
  booktitle = {Proceedings ACM SIGCOMM},
  year = {2010},
}

@ARTICLE{han10CCR,
  author = {Han, S. and Jang, K. and Park, K S and Moon, S.},
  title = {{PacketShader}: a {GPU}-accelerated software router},
  journal = {ACM SIGCOMM Computer Communication Review},
  year = {2010},
  volume = {40},
  pages = {195--206},
  number = {4}
}

@ARTICLE{KohlerMCJK00,
  author = {Kohler, E. and Morris, R. and Chen, B. and Jannotti, J. and Kaashoek, M.F.},
  title = {The {C}lick modular router},
  journal = {ACM Transactions on Computer Systems},
  year = {2000},
  volume = {18},
  pages = {263-297},
  number = {3},
  bibsource = {DBLP, http://dblp.uni-trier.de},
  ee = {http://doi.acm.org/10.1145/354871.354874}
}
  author = {Eddie Kohler and Robert Morris and Benjie Chen and John Jannotti and M. Frans Kaashoek},

@ARTICLE{mckeown2008openflow,
  author = {McKeown, N. and Anderson, T. and Balakrishnan, H. and Parulkar,
	G. and Peterson, L. and Rexford, J. and Shenker, S.
	and Turner, J.},
  title = {OpenFlow: enabling innovation in campus networks},
  journal = {ACM SIGCOMM Computer Communication Review},
  year = {2008},
  volume = {38},
  pages = {69--74},
  number = {2},
  address = {New York, NY, USA},
  keywords = {ethernet switch, flow-based, virtualization},
  publisher = {ACM}
}
  author = {McKeown, Nick and Anderson, Tom and Balakrishnan, Hari and Parulkar,
	Guru and Peterson, Larry and Rexford, Jennifer and Shenker, Scott
	and Turner, Jonathan},

@ARTICLE{NguyenTUT08,
  author = {Nguyen, T.T.T. and Armitage, G.},
  title = {A survey of techniques for {I}nternet traffic classification using
	machine learning},
  journal = {{IEEE} Communications Surveys \& Tutorials},
  year = {2008},
  volume = {10},
  pages = {56-76},
  number = {4}
}

@INPROCEEDINGS{rizzo12usenix,
  author = {Rizzo, L.},
  title = {{netmap}: a novel framework for fast packet {I/O}},
  booktitle = {Proceedings of USENIX Annual Technical Conference},
year={2012}
}

@INPROCEEDINGS{Liao2011,
  author = {Liao, G. and Znu. X. and Bnuyan, L.},
  title = {A new server {I/O} architecture for high speed networks},
  booktitle = {Proceedings of Symposium on High-Performance Computer Architecture},
  year = {2011},

}
  address = {Los Alamitos, CA, USA},
  doi = {http://doi.ieeecomputersociety.org/10.1109/HPCA.2011.5749734},
  isbn = {978-1-4244-9432-3},
  publisher = {IEEE Computer Society}
  author = {Guangdeng Liao and Xia Znu and Laxmi Bnuyan},
  %volume = {0},
  %pages = {255-265},


@ARTICLE{rizzo12cacm,
  author = {Rizzo, L.},
  title = {Revisiting network {I/O} {API}s: the netmap framework},
  journal = {Communications of the ACM},
  year = {2012},
  volume = {55},
  pages = {45--51},
  number = {3}
}

@INPROCEEDINGS{rizzo12infocom,
  author = {Rizzo, L. and Carbone, M. and Catalli, G.},
  title = {Transparent acceleration of software packet forwarding using netmap},
  booktitle = {Proceedings of IEEE INFOCOM},
year=2012,
}

@INPROCEEDINGS{Santiago11TRAC,
  author = {Santiago del R\'io, P.M. and Ramos, J. and Garc\'ia-Dorado, J L and	Aracil, J. and Cuadra-S\'anchez, A. and Cutanda-Rodr\'iguez, M.},
  title = {On the processing time for detection of {S}kype traffic},
  booktitle = {Proceedings of Workshop on Traffic Analysis and Classification},
  year = {2011},
  location = {Istanbul, Turkey}
}

@ARTICLE{Szabo10JCSS,
  author = {G. Szab\'o and I. G\'odor and A. Veres and S. Malomsoky and S. Moln\'ar},
  title = {Traffic Classification over {G}bit Speed with Commodity Hardware},
  journal = {Journal of Communications Software and Systems},
  year = {2010},
  volume = {5},
  number = {3}
}

@ARTICLE{varis11per,
  author = {Varis, Nuutti and Manner, Jukka},
  title = {In the network: {S}andy {B}ridge versus {N}ehalem},
  journal = {ACM SIGMETRICS Performance Evaluation Review},
  year = {2011},
  volume = {39},
  pages = {53--55},
  number = {2},
  issn = {0163-5999},
   numpages = {3}
}
%  month = sep,


@INPROCEEDINGS{vasiliadis11ccs,
  author = {Vasiliadis, G. and Polychronakis, M. and Ioannidis, S.},
  title = {{MIDeA}: a multi-parallel intrusion detection architecture},
  booktitle = {Proceedings of ACM Conference on Computer and Communications Security},
  year = {2011},
  acmid = {2046741},
  isbn = {978-1-4503-0948-6},
  keywords = {GPU, NIDs, acceleration, intrusion detection, pattern matching},
  location = {Chicago, Illinois, USA},
}
  doi = {10.1145/2046707.2046741},
  url = {http://doi.acm.org/10.1145/2046707.2046741}
  author = {Vasiliadis, Giorgos and Polychronakis, Michalis and Ioannidis, Sotiris},
pages = {297--308},






@ARTICLE{papadogiannakis12,
author = {Papadogiannakis, A. and Vasiliadis, G. and Antoniades, D. and Polychronakis, M. and Markatos, E.P.},
 title = {Improving the performance of passive network monitoring applications with memory locality enhancements},
 journal = {Computer Communications},
 volume = {35},
 number = {1},
 year = {2012},
 pages = {129--140}
} 
 month = jan,
author = {Papadogiannakis, Antonis and Vasiliadis, Giorgos and Antoniades, Demetres and Polychronakis, Michalis and Markatos, Evangelos P.},

@ARTICLE{woo12,
  author = {Woo, S. and Park, K.},
  title = {Scalable {TCP} Session Monitoring with {S}ymmetric {R}eceive-{S}ide {S}caling},
  journal = {Technical report KAIST, \url{http://www.ndsl.kaist.edu/~shinae/papers/TR-symRSS.pdf}},
  year = {2012},
}



@INPROCEEDINGS{LDeri05ncap,
  author = {Deri, L.},
  title = {ncap: Wire-speed packet capture and transmission},
  booktitle = {Proceedings of IEEE Workshop in End-to-End Monitoring Techniques and Services},
  year = {2005},
  pages = {47–-55},
}


@MISC{RizzoDMA,
  author = {Rizzo, L. and Deri, L. and Cardigliano, A.},
  title = {10 {G}bit/s Line Rate Packet Processing Using Commodity Hardware: survey and new Proposals},
  note = {Online: \url{http://luca.ntop.org/10g.pdf} [1 August 2014]},
  year = {2012},
  url = {http://luca.ntop.org/10g.pdf}
}

@MISC{uio,
  author = {Krasnyansky, M.},
  title = { {UIO-IXGBE}},
  howpublished = {Online. \url{https://opensource.qualcomm.com/wiki/UIO-IXGBE}},
  year = {2012},
  url = {https://opensource.qualcomm.com/wiki/UIO-IXGBE}
	 
}

@INPROCEEDINGS{Dobrescu12USENIXSNSDI,
  author = {Dobrescu, M. and Argyraki, K. and Ratnasamy, S.},
  title = {Toward Predictable Performance in Software Packet-Processing Platforms },
  booktitle = {Proceedings of USENIX Symposium on Networked Systems Design and Implementation },
  year = {2012},
}


@MISC{caida,
  author = {{CAIDA}},
 title = {Traffic Analysis Research },
  howpublished = {\url{http://www.caida.org/research/traffic-analysis/}},
}

@MISC{caida2009,
author = {Walsworth, C. and Aben, E. and Claffy, k.c. and Andersen, D.},
title = {The {CAIDA} Anonymized 2009 {I}nternet Traces},
note = {\url{http://www.caida.org/data/passive/passive_2009_dataset.xml}, [1 August 2014]}
}


@article{mogul1997eliminating,
  title={Eliminating receive livelock in an interrupt-driven kernel},
  author={Mogul, J.C. and Ramakrishnan, K.K.},
  journal={ACM Transactions on Computer Systems},
  volume={15},
  number={3},
  pages={217--252},
  year={1997}
}

@inproceedings{kim2001timer,
  title={Timer-based interrupt mitigation for high performance packet processing},
  author={Kim, I. and Moon, J. and Yeom, H.Y.},
  booktitle={Proceedings of the Conference on High Performance Computing in the {A}sia-{P}acific Region},
  year={2001}
}

@article{ieee1588v2,
        title={{IEEE} {S}tandard for a Precision Clock Synchronization Protocol for Networked Measurement and Control Systems},
        author={{IEEE Instrumentation and Measurement Society}},
        journal={IEEE Std 1588-2008},
}

%new
@inproceedings{suHPCC12,
	author={Su, W. and Zhang, L. and Tang, D. and Gao, X.}, 
	booktitle={Proceedings of IEEE Conference on High Performance Computing and IEEE Conference on Embedded Software and Systems},
	title={Using Direct Cache Access Combined with Integrated {NIC} Architecture to Accelerate Network Processing}, 
	year={2012}, 
	pages={509 -515}, 
	month=jun
}

%new
@inproceedings{zabalaSPECTS2012, 
	author={Zabala, L. and Ferro, A. and Pineda, A.}, 
	booktitle={Proceedings of Performance Evaluation of Computer and Telecommunication Systems},
	title={Modelling packet capturing in a traffic monitoring system based on {L}inux}, 
	year={2012}, 
	month=jul, 
	pages={1--6}
}

@misc{825992010,
	title={82599 10 {G}bE Controller Datasheet},
	author={Intel},
	note={\url{http://www.intel.com/content/www/us/en/ethernet-controllers/82599-10-gbe-controller-datasheet.html}, [1 August 2014]},
	year={2012}
}


@MISC{MicrosoftRSS,
  author = {Microsoft},
 title = {Receive {S}ide {S}caling},
  note = {\url{http://msdn.microsoft.com/en-us/library/windows/hardware/ff567236(v=vs.85).aspx} [1 August 2014]}
}

@book{biersack2013data,
  title={Data traffic monitoring and analysis: From measurement, classfication, and anomaly detection to qualtiy of experience},
  author={Biersack, E. and Callegari, C. and Matijasevic, M.},
  series={Lecture Notes in Computer Science: State-of-the-Art Surveys Series},
  year={2013},
 }
  title={Data Traffic Monitoring and Analysis: From Measurement, Classfication, and Anomaly Detection to Qualtiy of Experience},
publisher={Springer London, Limited}

@MASTERSTHESIS{moreno2012TFM,
	author={Moreno, V.},
	title={Development and evaluation of a low-cost scalable architecture for network traffic capture and storage for {10Gbps} networks},
	school={Universidad Aut\'onoma de Madrid},
	year={2012},
    note = {\url{http://www.ii.uam.es/~vmoreno/Publications/morenoTFM2012.pdf}, [1 August 2014]}
}



@article{yuCOMMMAG10100G, 
 author = {Yu, J. and Zhou, X.}, 
 title = {Ultra-high-capacity {DWDM} transmission system for 100{G} and beyond}, 
 journal = {IEEE Communications Magazine}, 
 year = {2010}, 
 volume={48}, 
 number={4}, 
 pages={S56--S64}, 
}

@article{kimCOMCOM06, 
 author = {Kim, M.-S. and Won, Y. J. and Hong, J. W.}, 
 title = {Characteristic analysis of {I}nternet traffic from the perspective of flows}, 
 journal = {Computer Communications}, 
 year = {2006}, 
 volume={29}, 
 number={10}, 
 pages={1639--1652}, 
}

@article{leeCOMNET14, 
title = "Network monitoring: Present and future",
journal = "Computer Networks ",
volume = "65",
number = "1",
pages = "84--98",
year = "2014",
author = "Lee, S. and Levanti, K. and Kim, H.S."
}


@misc{CISCOtb,
author = {Cisco Systems},
title = {Cisco Network Convergence System},
note = {\url{http://www.cisco.com/en/US/products/ps13132/index.html}, [1 August 2014]},
year={2013}
}

@ARTICLE{finamoreNETWORK11,
author={Finamore, A and Mellia, M. and Meo, M. and Munaf\`o, M.M. and Rossi, D.},
journal={IEEE Network},
title={Experiences of {I}nternet traffic monitoring with tstat},
year={2011},
month={May},
volume={25},
number={3},
pages={8-14},
}


@article{melliaCOMNET2005,
title = "Measuring {IP} and {TCP} behavior on edge nodes with Tstat ",
journal = "Computer Networks ",
volume = "47",
number = "1",
pages = "1--21",
year = "2005",
author = "Mellia, M. and Lo Cigno, R. and Neri, F."
}


@article{garciadoradoIJNM2014, 
 author = {Garc\'ia-Dorado, J. L. and Santiago del R\'io, P. M. and Ramos, J. and Muelas, D. and Moreno, V. and Lopez de Vergara, J. E. and Aracil, J.}, 
 title = {Low-cost and high-performance: {VoIP} monitoring and full-data retention at multi-{G}b/s rates using commodity hardware}, 
 journal = {International Journal of Network Management}, 
 year = {2014}, 
 volume={24}, 
 number={3}, 
 pages={181--199}, 
}
 keywords={}, 
 doi = {10.1002/nem.1858}, 
 ISSN = {1099-1190}, 
 url = {http://arantxa.ii.uam.es/~vmoreno/Publications/Journals/garciadoradoIJNM2014.pdf} 
 month={5}, 


@ARTICLE{fraleigh03NETWORK,
    author = {Fraleigh, C. and Moon, S. and  Lyles, B. and  Cotton, C. and  Khan, M. and  Moll, D. and  Rockell, R. and  Seely, T. and  Diot, S.C.},
    title = {Packet-Level Traffic Measurements from the {S}print {IP} Backbone},
    journal = {IEEE Network},
    year = {2003},
    volume = {17},
    pages = {6--16}
}

@INPROCEEDINGS{polychronakisNOMS04,
author={Polychronakis, M. and Markatos, E.P. and Anagnostakis, K.G. and Oslebo, A},
booktitle={Proceedings of IEEE/IFIP Network Operations and Management Symposium},
title={Design of an application programming interface for {IP} network monitoring},
year={2004},
month={April},
volume={1},
pages={483-496 Vol.1},
ISSN={1542-1201}
}

@INPROCEEDINGS{AntichiNOMS12,
author={Antichi, G. and Giordano, S. and Miller, D.J. and Moore, A.W.},
booktitle={Proceedings of IEEE/IFIP Network Operations and Management Symposium},
title={Enabling open-source high speed network monitoring on {NetFPGA}},
year={2012},
month={April},
pages={1029-1035},
doi={10.1109/NOMS.2012.6212025},
ISSN={1542-1201}
}


@misc{Endace,
 author ={Endace},
title = {Packet Capture Performance Evaluation},
note = {\url{http://www.emulex.com}, [1 August 2014]},
year={2014}
}



@INPROCEEDINGS{deriWORKS05,
author={Deri, L.},
booktitle={Proceedings of IEEE/IFIP Workshop on End-to-End Monitoring Techniques and Services},
title={n{C}ap: wire-speed packet capture and transmission},
year={2005},
}

month={May},
pages={47-55},




@article{alcockCCR12,
 author = {Alcock, S. and Lorier, P. and Nelson, R.},
 title = {Libtrace: A Packet Capture and Analysis Library},
 journal = {ACM SIGCOMM Computer Communication Review},
 volume = {42},
 number = {2},
 year = {2012},
 pages = {42--48}
} 

 issue_date = {April 2012},
 month = mar,
 numpages = {7},
 doi = {10.1145/2185376.2185382},
 publisher = {ACM},
 address = {New York, NY, USA},



@book{SchroderCOOKBOOk2007,
  title={Linux networking cookbook},
  author={Schroder, C.},
  series={O'Reilly Media},
  year={2007},
 }

@ARTICLE{nickollsMICRO10,
author={Nickolls, J. and Dally, W.J.},
journal={IEEE Micro},
title={The {GPU} Computing Era},
year={2010},
volume={30},
number={2},
pages={56-69},
}
month={March},
doi={10.1109/MM.2010.41},
ISSN={0272-1732}


@INPROCEEDINGS{deriSANE04,
    author = {Deri, L.},
    title = {Improving Passive Packet Capture: Beyond Device Polling},
    booktitle = {Proceedings of System Administration and Network Engineering Conference},
    year = {2004}
}

@ARTICLE{dainottiNETWORK12,
author={Dainotti, A and Pescape, A and Claffy, K.C.},
journal={IEEE Network},
title={Issues and future directions in traffic classification},
year={2012},
volume={26},
number={1},
pages={35--40},
}

month={January},
keywords={Internet;computer network security;pattern classification;telecommunication network reliability;telecommunication traffic;Internet;network design;privacy;reliability;security;service differentiation;traffic classification;Classification algorithms;Feature extraction;Internet;Machine learning;Payloads;Telecommunication traffic},
doi={10.1109/MNET.2012.6135854},
ISSN={0890-8044},

@article{CalladoTUT09,
 author = {Callado, A. and Kamienski, C. and Szabo, G. and Gero, B. and Kelner, J. and Fernandes, S. and Sadok, D.},
 title = {A Survey on {I}nternet Traffic Identification},
  journal = {{IEEE} Communications Surveys \& Tutorials},
  volume = {11},
 number = {3},
 year = {2009},
 pages = {37--52},
}

@ARTICLE{rizzoNETWORK14,
author={Rizzo, L.},
journal={IEEE Network},
title={Portable packet processing modules for {OS} kernels},
year={2014},
volume={28},
number={2},
pages={6--11},
}
month={March},
keywords={operating system kernels;public domain software;OS kernels;dummynet network emulator;kernel components;netmap framework;open source software;operating systems;portable packet processing modules;Delays;Kernel;Linux;Open source software;Operating systems;Ports (Computers);Protocols;Software development},
doi={10.1109/MNET.2014.6786607},
ISSN={0890-8044},
    


@INPROCEEDINGS{morenoHPCC14,
    author = {Moreno, V. and Santiago del R\'io, P. M. and Ramos, J. and Garc\'ia-Dorado, J. L. and Gonzalez, I. and Gomez-Arribas, F. J. and Aracil, J.},
    title = {Packet storage at multi-gigabit rates using off-the-shelf systems},
    booktitle = {Proceedings of IEEE International Conference on High Performance Computing and Communications},
    year = {2014}
}



@MISC{daneluttoPARCO11,
    author = {Danelutto, M. and Deri, L. and De Sensi, D.},
    title = {Network Monitoring on Multicores with Algorithmic Skeletons},
    year = {2011},
	booktitle = {Proceedings ofParCo}
}


@INPROCEEDINGS{pietroINFOCOM13,
author={Di Pietro, A. and Huici, F. and Bonelli, N. and Trammell, B. and Kastovsky, P. and Groleat, T. and Vaton, S. and Dusi, M.},
booktitle={Proceedings of IEEE INFOCOM},
title={Toward composable network traffic measurement},
year={2013},
}
pages={70--74},
month={April},
doi={10.1109/INFCOM.2013.6566737},
ISSN={0743-166X},

@article{DusiNEC13,
author={Dusi, M. and d'Heureuse, N. and Huici, F. and di Pietro, A. and Bonelli, N. and Bianchi, G. and Trammell, B. and Niccolini, S.},
year={2012},
title={Blockmon: Flexible and high-performance big data stream analytics platform and its use cases},
journal={NEC Technical Journal},
volume={7},
number={2},
pages={102--106}
}



@article{rizzoQUE12,
 author = {Rizzo, L.},
 title = {Revisiting Network {I/O} APIs: The Netmap Framework},
 journal = {ACM Queue},
 volume = {10},
 number = {1},
 year = {2012},
 pages = {30--39},
} 
month = jan,
issn = {1542-7730},
 doi = {10.1145/2090147.2103536},
 acmid = {2103536},
 publisher = {ACM},
 address = {New York, NY, USA},


@INPROCEEDINGS{SchneiderPAM13,
author={Schneider F. and Wallerich J. and Feldmann A.},
booktitle={Proceedings of Passive and Active Measurement Conference},
title={Packet capture in 10-{G}igabit {E}thernet environments using contemporary commodity hardware},
year={2007},
}
Louvain-la-Neuve, Belgium, 2007; 207–217.


@techreport{FlowMonTecRep,
    title = {FlowMon Probe},
   author = {{\v C}eleda, P. and Kov\'a{\v c}ik, M. and Kon\'i{\v r}, T. and Krm\'i{\v c}ek, V. and {\v S}pringl, P. and {\v Z}\'adn\'ik, M.     }, 
      year = {2006},
    note = {\url{http://archiv.cesnet.cz/doc/techzpravy/2006/flowmon-probe/}, [1 August 2014]},
    institution = {CESNET}
}

@ARTICLE{DoradoTNSM12,
author={ Garc\'ia-Dorado, J. L. and Finamore, A. and Mellia, M. and Meo, M. and Munaf\`o, M.},
journal={IEEE Transactions on Network and Service Management},
title={Characterization of {ISP} Traffic: Trends, User Habits, and Access Technology Impact},
year={2012},
volume={9},
number={2},
pages={142--155},
}
doi={10.1109/TNSM.2012.022412.110184}, 

@article{LiFlows13JNCA,
title = {A survey of network flow applications},
journal = "Journal of Network and Computer Applications ",
volume = "36",
number = "2",
pages = "567 - 581",
year = "2013",
author = "Li, B. and Springer, J. and Bebis, G. and Gunes,  M. H. ",
doi = "10.1016/j.jnca.2012.12.020",
}
author = "Li, Bingdong and Springer, Jeff and Bebis, George and Mehmet Hadi Gunes",

@INPROCEEDINGS{KimNOMS04,
author={Kim, M.-S. and Kong, H.-J and Hong, S.-C. and Chung, S.-H. and Hong, J.W.},
booktitle={Proceedings of IEEE/IFIP Network Operations and Management Symposium},
title={A flow-based method for abnormal network traffic detection},
year={2004},
}
volume={1},
pages={599--612},
month={April},
author={Myung-Sup Kim and Hun-Jeong Kong and Seong-Cheol Hong and Seung-Hwa Chung and Hong, J.W.},


@misc{CISCONETFLOW,
author = {Cisco Systems},
title = {White paper: Introduction to {C}isco {IOS} {N}et{F}low},
note = {\url{http://www.cisco.com/c/en/us/products/ios-nx-os-software/ios-netflow/white-paper-listing.html}, [1 August 2014]},
year={2012}
}


@ARTICLE{PagiamtzisSSC06,
author={Pagiamtzis, K. and Sheikholeslami, A.},
journal={IEEE Journal of Solid-State Circuits},
title={Content-addressable memory ({CAM}) circuits and architectures: a tutorial and survey},
year={2006},
volume={41},
number={3},
pages={712-727},
}
month={March},

@INPROCEEDINGS{Santiago12IMC,
author={Santiago del R\'io, P. M. and Rossi, D. and Gringoli, F. and Nava, L. and Salgarelli, L. and Aracil, J.},
booktitle={Proceedings of ACM Internet Measurement Conference},
title={Wire-Speed Statistical Classification of Network Traffic on Commodity Hardware},
year={2012},
}


@ARTICLE{DharmapurikarMICRO04,
author={Dharmapurikar, S. and Krishnamurthy, P. and Sproull, T.S. and Lockwood, J.W.},
journal={IEEE Micro},
title={Deep packet inspection using parallel bloom filters},
year={2004},
volume={24},
number={1},
pages={52-61},
}
month={Jan},


@inproceedings{MeinersUSeNIX10,
 author = {Meiners, C.R. and Patel, J. and Norige, E. and Torng, E. and Liu, A.X.},
 title = {Fast Regular Expression Matching Using Small {TCAM}s for Network Intrusion Detection and Prevention Systems},
 booktitle = {Proceedings of USENIX Conference on Security},
 year = {2010},
} 
 isbn = {888-7-6666-5555-4},
 location = {Washington, DC},
 pages = {8--8},
 numpages = {1},
 url = {http://dl.acm.org/citation.cfm?id=1929820.1929831},
 acmid = {1929831},
 publisher = {USENIX Association},
 address = {Berkeley, CA, USA},



@book{BenvenutiULN2005,
 title = {Understanding Linux Network Internals},
 author = {Benvenuti, C.},
 series = {O'Reilly Media},
 year = {2005},
}
 isbn = {0596002556},


@misc{,
	title={{FP3: Breakthrough 400G network processor}},
	author={Alcatel Lucent},
	note={\url{http://www3.alcatel-lucent.com/products/fp3/}, [1 August 2014]},
	year={2014}
}

@misc{alcaterFP3,
	title={{FP3: Breakthrough 400G network processor}},
	author={Alcatel Lucent},
	note={\url{http://www3.alcatel-lucent.com/products/fp3/}, [1 August 2014]},
	year={2014}
}

@misc{lsiAPP3000,
	title={{APP3000 Network}},
	author={LSI},
	note={\url{http://www.lsi.com/products/mobile-communication-processors/pages/app-network-processors.aspx}, [1 August 2014]},
	year={2014}
}

@misc{intelIXP4XX,
	title={{IXP4XX Product Line of Network Processors}},
	author={Intel},
	note={\url{www.intel.com/p/en_US/embedded/hwsw/hardware/ixp-4xx}, [1 August 2014]},
	year={2014}
}

@misc{netFPGA,
	title={{NetFPGA Project}},
	author={NetFPGA},
	note={\url{www.netfpga.org}, [1 August 2014]},
	year={2014}
}

@misc{endaceDAG,
	title={{Endace EMULEX}},
	author={Endace},
	note={\url{www.endace.com/}, [1 August 2014]},
	year={2014}
}

@misc{ciscoNAM,
	title={{Network Analysis Module (NAM) Products}},
	author={Cisco},
	note={\url{www.cisco.com/go/nam}, [1 August 2014]},
	year={2014}
}

@misc{linuxNAPI,
	title={{NAPI}},
	author={Linux Foundation},
	note={\url{www.linuxfoundation.org/collaborate/workgroups/networking/napi}, [1 August 2014]},
	year={2014}
}


@misc{libzeroNTOP,
	title={{Libzero for DNA}},
	author={ntop},
	note={\url{www.ntop.org/products/pf_ring/libzero-for-dna/}, [1 August 2014]},
	year={2014}
}



%%%%%%%%
%% TFG
%%%%%%%%

@electronic{dpdk:introduccion:smartphone,
  title		  	= "Smartphone use per capita in 2011 by country",
  url        	= "http://communities-dominate.blogs.com/brands/2011/12/smartphone-penetration-rates-by-country-we-have-good-data-finally.html"
}
@INPROCEEDINGS{dpdk:Leir1306,
AUTHOR="Rafael {Leira Osuna} and Pedro {Gomez Nieto} and Ivan Gonzalez and Jorge
{Lopez de Vergara}",
TITLE="Multimedia flow classification at 10 Gbps using acceleration techniques on
commodity hardware",
BOOKTITLE="4th IEEE Technical CoSponsored International Conference on Smart
Communications in Network Technologies 2013 (SaCoNeT 2013)",
ADDRESS="Paris, France",
DAYS=17,
MONTH=jun,
YEAR=2013,
KEYWORDS="Deep packet inspection, Intel DPDK, CUDA, DFA, Flow classification",
ABSTRACT="Internet is an ever-growing network. The network equipment has to be
improved to cope with this growth, including those devices used to classify
the network traffic.Internet service providers and network operators
require to apply different QoS policies for specific protocols. Then, such
classifying systems are critical. However, classification by port does not
provide good results, and it is necessary to apply other more complex
techniques. These classification techniques have to be fast enough to work
at line rates.This paper presents a system that unifies the entire process
involved in flow classification at high speed. It captures the traffic,
builds flows from the received packets and finally classifies them inside a
GPU. All the process is possible at 10 Gbps using commodity hardware. Our
results show that the achieved performance is very influenced by the number
of protocols to find, and it is limited by the number of network flows. In
any case, our system reaches up to 24.4 Gbps using commodity hardware."
}

@misc{dpi:competencia:1,
  title		  	= "Procera {NVL}",
  url        	= "http://goo.gl/44vM5"
}
@misc{dpi:competencia:2,
  title		  	= "VEHO {DPI} Probe",
  url        	= "http://www.veheretech.com/products/veho-dpi/"
}
@misc{dpi:competencia:3,
  title		  	= "{DPX} Network Probe",
  url        	= "http://www.ipoque.com/en/products/dpx-network-probe"
}
@misc{dpi:competencia:4,
  title		  	= "Qosmos DeepFlow® probes",
  url        	= "http://www.qosmos.com/products/deep-packet-inspectio-probes-for-telecoms/"
}

@misc{rt:netflow,
  title		  	= "Netflow",
  url        	= "http://www.cisco.com/go/netflow"
}

@misc{pru:rtpheader,
  title		  	= "RTP Header",
  url        	= "http://research.edm.uhasselt.be/jori/thesis/onlinethesis/images/chapter_5/fig_rtpheader.png"
}

@misc{dpdk:whitepaper:whydpdk,
  title         = "Models for Packet Processing on Multi-Core Systems",
  howpublished  = "White Paper",
  organization  = "Intel",
  month         = dec,
  year          = "2008",
  url			= "http://www.intel.com/content/www/us/en/intelligent-systems/intel-technology/ia-multicore-packet-processing-paper.html"
}

@inproceedings{fp:skype,
  author    = {Pedro M. Santiago del R\'{\i}o and
               Javier Ramos and
               Jos{\'e} Luis Garc\'{\i}a-Dorado and
               Javier Aracil and
               Antonio Cuadra S{\'a}nchez and
               Maria del Mar Cutanda-Rodr\'{\i}guez},
  title     = {On the processing time for detection of Skype traffic},
  booktitle = {IWCMC},
  year      = {2011},
  pages     = {1784-1788},
  ee        = {http://dx.doi.org/10.1109/IWCMC.2011.5982805},
  bibsource = {DBLP, http://dblp.uni-trier.de}
}

@phdthesis{fp:pedroth,
  author        = "P.M. Santiago del Río",
  title         = "Internet Traffic Classification for High-Performance and Off-The-Shelf Systems",
  school        = "Universidad Autónoma de Madrid",
  month         = may,
  year          = "2013",
  url           = "http://arantxa.ii.uam.es/~psantiago/Publications/dissertation.pdf"
}
 
 
@misc{dpi:rtp,
  author        = "H. Schulzrinne and
  				   S.  Casner and
  				   R. Frederick and
  				   V. Jacobson",
  title         = {{RTP}: A Transport Protocol for Real-Time Applications},
  howpublished  = "RFC 3550",
  month         = jul,
  year          = "2003",
  url			= "http://www.ietf.org/rfc/rfc3550.txt"
}

@MISC{caida_trazas,
title={The CAIDA UCSD Anonymized Internet Traces 2009 - 20091217 - 045900-052900 sanjose},
note={{\url{http://www.caida.org/data/passive/passive_2009_dataset.xml}}}
}
 
@article{dpdk:packetshader,
 author = {Han, Sangjin and Jang, Keon and Park, KyoungSoo and Moon, Sue},
 title = {PacketShader: a GPU-accelerated software router},
 journal = {SIGCOMM Comput. Commun. Rev.},
 issue_date = {October 2010},
 volume = {40},
 number = {4},
 month = aug,
 year = {2010},
 issn = {0146-4833},
 pages = {195--206},
 numpages = {12},
 url = {http://doi.acm.org/10.1145/1851275.1851207},
 doi = {10.1145/1851275.1851207},
 acmid = {1851207},
 publisher = {ACM},
 address = {New York, NY, USA},
 keywords = {CUDA, GPU, software router},
}
@misc{dpdk:netfpga,
  title         = "NetFPGA",
  url           = "http://netfpga.org/"
}
@article{dpdk:victor, 
  author = {Moreno, V. and Santiago del Rio, P.M. and Ramos, J. and Garnica, J. and Garcia-Dorado, J.L.}, 
 title = {{Batch to the Future: Analyzing Timestamp Accuracy of High-Performance Packet I/O Engines}}, 
 journal = {Communications Letters, IEEE}, 
 year = {2012}, 
 month={november }, 
 volume={16}, 
 number={11}, 
 pages={1888 -1891}, 
 keywords={}, 
 doi = {10.1109/LCOMM.092812.121433}, 
 ISSN = {1089-7798}, 
 url = {http://arantxa.ii.uam.es/~vmoreno/Publications/Journals/morenoIEEECOMML2012.pdf} 
}

@INPROCEEDINGS{dpdk:victor:ref:1, 
author={Rizzo, L. and Carbone, M. and Catalli, G.}, 
booktitle={INFOCOM, 2012 Proceedings IEEE}, 
title={Transparent acceleration of software packet forwarding using netmap}, 
year={2012}, 
pages={2471-2479}, 
keywords={computer networks;input-output programs;software libraries;software prototyping;telecommunication computing;telecommunication network routing;Click userspace;I/O layer;OpenvSwitch userspace;general purpose operating systems;high packet rates;high speed links;huge benefits;huge performance improvements;libpcap;netmap;packet I/O mechanisms;packet processing applications;prototyping;representative applications;slow packet I/O library;software packet forwarding;software packet processing systems;software routers;software switches;transparent acceleration;Instruction sets;Kernel;Libraries;Linux;Switches}, 
doi={10.1109/INFCOM.2012.6195638}, 
ISSN={0743-166X}}

@inproceedings{dpdk:victor:ref:2,
 author = {Bonelli, Nicola and Di Pietro, Andrea and Giordano, Stefano and Procissi, Gregorio},
 title = {On multi---gigabit packet capturing with multi---core commodity hardware},
 booktitle = {Proceedings of the 13th international conference on Passive and Active Measurement},
 series = {PAM'12},
 year = {2012},
 isbn = {978-3-642-28536-3},
 location = {Vienna, Austria},
 pages = {64--73},
 numpages = {10},
 url = {http://dx.doi.org/10.1007/978-3-642-28537-0_7},
 doi = {10.1007/978-3-642-28537-0_7},
 acmid = {2238905},
 publisher = {Springer-Verlag},
 address = {Berlin, Heidelberg},
}

@INPROCEEDINGS{fp:marco, 
author={Marco Forconesi and Gustavo Sutter and Sergio López-Buedo and Cristian Sisterna}, 
booktitle={Jornadas SARTECO 2012}, 
title={Clasificación de Flujos de Comunicación en Redes de 10 Gbps con FPGAs}, 
year={2012}, 
url = {http://www.jornadassarteco.org/js2012/papers/paper_64.pdf}
}
 
%%%%%%%%%%%%%%%%%%%%%%%%%%%%%%%%%%%%%%%%%%%%%%%%%%%%%%%%%%%%%%%%%%%%%%%%%%%%%%%%%%
 Referencias del TFM de pedro
%%%%%%%%%%%%%%%%%%%%%%%%%%%%%%%%%%%%%%%%%%%%%%%%%%%%%%%%%%%%%%%%%%%%%%%%%%%%%%%%%%
@inproceedings{dpi:tfm:5,
 author = {Sidhu, Reetinder and Prasanna, Viktor K.},
 title = {Fast Regular Expression Matching Using FPGAs},
 booktitle = {Proceedings of the the 9th Annual IEEE Symposium on Field-Programmable Custom Computing Machines},
 series = {FCCM '01},
 year = {2001},
 isbn = {0-7695-2667-5},
 pages = {227--238},
 numpages = {12},
 url = {http://dx.doi.org/10.1109/FCCM.2001.22},
 doi = {10.1109/FCCM.2001.22},
 acmid = {1058885},
 publisher = {IEEE Computer Society},
 address = {Washington, DC, USA}
}
@INPROCEEDINGS{dpi:tfm:6, 
author={Hutchings, B.L. and Franklin, R. and Carver, D.}, 
booktitle={Field-Programmable Custom Computing Machines, 2002. Proceedings. 10th Annual IEEE Symposium on}, 
title={Assisting network intrusion detection with reconfigurable hardware}, 
year={2002}, 
pages={111-120}, 
keywords={compiler generators;computer network management;field programmable gate arrays;reconfigurable architectures;string matching;EDIF netlist;Xilinx software;field-programmable gate arrays;module generator;network intrusion detection;packet payloads;reconfigurable hardware;software-based GNU regex program;string matching;Automatic test pattern generation;Circuits;Databases;Field programmable gate arrays;Hardware;Intrusion detection;Java;Pattern matching;Payloads;Test pattern generators}, 
doi={10.1109/FPGA.2002.1106666}}

@INPROCEEDINGS{dpi:tfm:7, 
author={Clark, C.R. and Schimmel, D.E.}, 
booktitle={Field-Programmable Custom Computing Machines, 2004. FCCM 2004. 12th Annual IEEE Symposium on}, 
title={Scalable pattern matching for high speed networks}, 
year={2004}, 
pages={249-257}, 
keywords={computer networks;computer viruses;field programmable gate arrays;logic design;pattern matching;security of data;1 to 100 Gbit/s;FPGA design method;FPGA pattern matcher;backbone routers;complex regular expressions;email virus scanning;firewalls;flexible trade offs;high speed networks;home network appliances;junk email identification;network intrusion detection;scalable pattern matching;searching network packet payloads;Design methodology;Field programmable gate arrays;High-speed networks;Home appliances;Home automation;Intrusion detection;Pattern matching;Payloads;Spine;Throughput}, 
doi={10.1109/FCCM.2004.50}}

@INPROCEEDINGS{dpi:tfm:8, 
author={Moscola, J. and Lockwood, J. and Loui, R.P. and Pachos, M.}, 
booktitle={Field-Programmable Custom Computing Machines, 2003. FCCM 2003. 11th Annual IEEE Symposium on}, 
title={Implementation of a content-scanning module for an Internet firewall}, 
year={2003}, 
pages={31-38}, 
keywords={Internet;access protocols;authorisation;computer networks;field programmable gate arrays;finite state machines;FPX;FSM;Field-programmable Port Extender;Internet protocol;Xilinx Virtex XCV2000E FPGA;content matching;content-scanning module;field programmable gate array;finite state machine;firewall;layered protocol wrapper;packet processing;reconfigurable hardware;Automata;Computer science;Field programmable gate arrays;Hardware;Internet;Intrusion detection;Network servers;Payloads;Protocols;Web server}, 
doi={10.1109/FPGA.2003.1227239},}

@INPROCEEDINGS{dpi:tfm:11, 
author={Hong-Jip Jung and Baker, Z.K. and Prasanna, V.K.}, 
booktitle={Parallel and Distributed Processing Symposium, 2006. IPDPS 2006. 20th International}, 
title={Performance of FPGA implementation of bit-split architecture for intrusion detection systems}, 
year={2006}, 
pages={8 pp.-}, 
keywords={field programmable gate arrays;reconfigurable architectures;security of data;string matching;telecommunication security;bit-split string-matching architecture;field-programmable gate array;hardware state machine;interface hardware;intrusion detection system;network security;pattern memory system parameter;reconfigurable hardware;Bandwidth;Computer architecture;Control systems;Field programmable gate arrays;Hardware;Intrusion detection;Memory architecture;Pattern matching;Software performance;Throughput}, 
doi={10.1109/IPDPS.2006.1639434},}
%%%%%%%%%%%%%%%%%%%%%%%%%%%%%%%%%%%%%%%%%%%%%%%%%%%%%%%%%%%%%%%%%%%%%%%%%%%%%%%%%%
 Referencias del paper de pedro
%%%%%%%%%%%%%%%%%%%%%%%%%%%%%%%%%%%%%%%%%%%%%%%%%%%%%%%%%%%%%%%%%%%%%%%%%%%%%%%%%%
@mastersthesis{dpi:pedro:master,
  author        = "Pedro Gómez Nieto",
  title         = "Clasificación de tráfico TCP/IP mediante dispositivos GPU",
  school        = "Escuela Politécnica Superior",
  address       = "Universidad Autónoma de Madrid",
  year          = "2012"
}
@mastersthesis{dpi:juancho:master,
  author        = "Juan Antonio Andrés Sáez",
  title         = "Procesamiento mediante GPU en Netfilter (Linux)",
  school        = "Escuela Politécnica Superior",
  address       = "Universidad Autónoma de Madrid",
  year          = "2012"
}
@incollection{dpi:gnort,
year={2008},
isbn={978-3-540-87402-7},
booktitle={Recent Advances in Intrusion Detection},
volume={5230},
series={Lecture Notes in Computer Science},
editor={Lippmann, Richard and Kirda, Engin and Trachtenberg, Ari},
doi={10.1007/978-3-540-87403-4_7},
title={Gnort: High Performance Network Intrusion Detection Using Graphics Processors},
publisher={Springer Berlin Heidelberg},
keywords={GPU; pattern matching; intrusion detection systems; network security; SIMD; parallel programming},
author={Vasiliadis, Giorgos and Antonatos, Spiros and Polychronakis, Michalis and Markatos, EvangelosP. and Ioannidis, Sotiris},
pages={116-134}
}%url={http://dx.doi.org/10.1007/978-3-540-87403-4_7},

@INPROCEEDINGS{dpi:signatures:dfa, 
author={Becchi, M. and Franklin, M. and Crowley, P.}, 
booktitle={Workload Characterization, 2008. IISWC 2008. IEEE International Symposium on}, title={A workload for evaluating deep packet inspection architectures}, 
year={Sept.}, 
pages={79-89}, 
keywords={communication complexity;computer networks;data compression;deterministic automata;finite automata;formal languages;string matching;telecommunication security;telecommunication traffic;communication complexity;compressed deterministic finite automata;compressed nondeterministic finite automata;deep packet inspection architecture;high-performance regular expression pattern matching;high-speed content inspection;malicious network activity;network intrusion detection system;network traffic;programmable networking system;Algorithm design and analysis;Character generation;Hardware;Inspection;Intrusion detection;Pattern matching;Proposals;Scalability;Telecommunication traffic;Traffic control}, 
doi={10.1109/IISWC.2008.4636093},}

@INPROCEEDINGS{dpi:gregex, 
author={Lei Wang and Shuhui Chen and Yong Tang and Jinshu Su}, 
booktitle={Innovative Mobile and Internet Services in Ubiquitous Computing (IMIS), 2011 Fifth International Conference on}, title={Gregex: GPU Based High Speed Regular Expression Matching Engine}, 
year={30 2011-July 2}, 
pages={366-370}, 
keywords={coprocessors;inspection;pattern matching;security of data;ATP;CAB;CAT;GTX260 GPU;Gregex;deep packet inspection;graphics processing unit;intrusion detection system;network security system;optimization technique;regular expression matching engine;Arrays;Doped fiber amplifiers;Engines;Graphics processing unit;Instruction sets;Throughput}, 
doi={10.1109/IMIS.2011.107},}

@article{dpi:signatures:xfa,
 author = {Smith, Randy and Estan, Cristian and Jha, Somesh and Kong, Shijin},
 title = {Deflating the big bang: fast and scalable deep packet inspection with extended finite automata},
 journal = {SIGCOMM Comput. Commun. Rev.},
 issue_date = {October 2008},
 volume = {38},
 number = {4},
 month = aug,
 year = {2008},
 issn = {0146-4833},
 pages = {207--218},
 numpages = {12},
 doi = {10.1145/1402946.1402983},
 acmid = {1402983},
 publisher = {ACM},
 address = {New York, NY, USA},
 keywords = {deep packet inspection, regular expressions, signature matching, xfa},
}
%url = {http://doi.acm.org/10.1145/1402946.1402983},

@inproceedings{dpi:critica:10b,
 author = {Cascarano, Niccolo and Este, Alice and Gringoli, Francesco and Risso, Fulvio and Salgarelli, Luca},
 title = {An experimental evaluation of the computational cost of a DPI traffic classifier},
 booktitle = {Proceedings of the 28th IEEE conference on Global telecommunications},
 series = {GLOBECOM'09},
 year = {2009},
 isbn = {978-1-4244-4147-1},
 location = {Honolulu, Hawaii, USA},
 pages = {1132--1139},
 numpages = {8},
 acmid = {1811567},
 publisher = {IEEE Press},
 address = {Piscataway, NJ, USA},
}
%url = {http://dl.acm.org/citation.cfm?id=1811380.1811567},

%% Sobre que la clasificación por puerto está deprecated
@article{dpi:critica:2,
title = "Quantifying the accuracy of the ground truth associated with Internet traffic traces",
journal = "Computer Networks",
volume = "55",
number = "5",
pages = "1158 - 1167",
year = "2011",
note = "",
issn = "1389-1286",
doi = "10.1016/j.comnet.2010.11.006",
author = "Maurizio Dusi and Francesco Gringoli and Luca Salgarelli",
keywords = "Internet",
keywords = "Measurement",
keywords = "Traffic",
keywords = "Characterization"
}
%url = "http://www.sciencedirect.com/science/article/pii/S1389128610003579",


@article{dpi:critica:3,
 author = {Crotti, Manuel and Dusi, Maurizio and Gringoli, Francesco and Salgarelli, Luca},
 title = {Traffic classification through simple statistical fingerprinting},
 journal = {SIGCOMM Comput. Commun. Rev.},
 issue_date = {January 2007},
 volume = {37},
 number = {1},
 month = jan,
 year = {2007},
 issn = {0146-4833},
 pages = {5--16},
 numpages = {12},
 doi = {10.1145/1198255.1198257},
 acmid = {1198257},
 publisher = {ACM},
 address = {New York, NY, USA},
 keywords = {classification, traffic classification, transport layer},
}
% url = {http://doi.acm.org/10.1145/1198255.1198257},

@inproceedings{dpi:critica:7,
 author = {Erman, Jeffrey and Mahanti, Anirban and Arlitt, Martin and Williamson, Carey},
 title = {Identifying and discriminating between web and peer-to-peer traffic in the network core},
 booktitle = {Proceedings of the 16th international conference on World Wide Web},
 series = {WWW '07},
 year = {2007},
 isbn = {978-1-59593-654-7},
 location = {Banff, Alberta, Canada},
 pages = {883--892},
 numpages = {10},
 doi = {10.1145/1242572.1242692},
 acmid = {1242692},
 publisher = {ACM},
 address = {New York, NY, USA},
 keywords = {clustering, machine learning, traffic classification},
}
% url = {http://doi.acm.org/10.1145/1242572.1242692},

@inproceedings{dpi:critica:8,
 author = {Erman, Jeffrey and Arlitt, Martin and Mahanti, Anirban},
 title = {Traffic classification using clustering algorithms},
 booktitle = {Proceedings of the 2006 SIGCOMM workshop on Mining network data},
 series = {MineNet '06},
 year = {2006},
 isbn = {1-59593-569-X},
 location = {Pisa, Italy},
 pages = {281--286},
 numpages = {6},
 doi = {10.1145/1162678.1162679},
 acmid = {1162679},
 publisher = {ACM},
 address = {New York, NY, USA},
 keywords = {classification, machine learning, unsupervised clustering},
}
%url = {http://doi.acm.org/10.1145/1162678.1162679},

@article{dpi:critica:12,
 author = {Bernaille, Laurent and Teixeira, Renata and Akodkenou, Ismael and Soule, Augustin and Salamatian, Kave},
 title = {Traffic classification on the fly},
 journal = {SIGCOMM Comput. Commun. Rev.},
 issue_date = {April 2006},
 volume = {36},
 number = {2},
 month = apr,
 year = {2006},
 issn = {0146-4833},
 pages = {23--26},
 numpages = {4},
 doi = {10.1145/1129582.1129589},
 acmid = {1129589},
 publisher = {ACM},
 address = {New York, NY, USA},
 keywords = {applications, machine learning, traffic classification},
}
%url = {http://doi.acm.org/10.1145/1129582.1129589},

@inproceedings{dpi:critica:13,
 author = {Bernaille, Laurent and Teixeira, Renata and Salamatian, Kave},
 title = {Early application identification},
 booktitle = {Proceedings of the 2006 ACM CoNEXT conference},
 series = {CoNEXT '06},
 year = {2006},
 isbn = {1-59593-456-1},
 location = {Lisboa, Portugal},
 pages = {6:1--6:12},
 articleno = {6},
 numpages = {12},
 doi = {10.1145/1368436.1368445},
 acmid = {1368445},
 publisher = {ACM},
 address = {New York, NY, USA},
 keywords = {applications, machine learning, traffic classification},
}
%url = {http://doi.acm.org/10.1145/1368436.1368445},


%%%%%%%%%%%%%%%%%%%%%%%%%%%%%%%%%%%%%%%%%%%%%%%%%%%%%%%%%%%%%%%%%%%%%%%%%%%%%%%%%%

@article{dpi:pedro:1,
 author = {Cascarano, Niccol\`{o} and Ciminiera, Luigi and Risso, Fulvio},
 title = {Optimizing Deep Packet Inspection for High-Speed Traffic Analysis},
 journal = {J. Netw. Syst. Manage.},
 issue_date = {March     2011},
 volume = {19},
 number = {1},
 month = mar,
 year = {2011},
 issn = {1064-7570},
 pages = {7--31},
 numpages = {25},
 doi = {10.1007/s10922-010-9181-x},
 acmid = {1938037},
 publisher = {Plenum Press},
 address = {New York, NY, USA},
 keywords = {Deep packet inspection, Network monitoring, Traffic analysis, Traffic classification},
}
%url = {http://dx.doi.org/10.1007/s10922-010-9181-x},


@electronic{dpi:pedro:2,
  title         = "l7-filter",
  url           = "http://l7-filter.clearfoundation.com"
}
@article{dpi:programas:2,
title = "Bro: a system for detecting network intruders in real-time",
journal = "Computer Networks",
volume = "31",
number = "23-24",
pages = "2435 - 2463",
year = "1999",
note = "",
issn = "1389-1286",
doi = "10.1016/S1389-1286(99)00112-7",
author = "Vern Paxson",
keywords = "Network intrusion detection",
keywords = "Passive network monitoring",
keywords = "Network monitoring evasion",
keywords = "Domain-specific languages"
}
%url = "http://www.sciencedirect.com/science/article/pii/S1389128699001127",
@electronic{dpi:pedro:3,
  title         = "Perl Regular Expressions",
  url           = "http://perldoc.perl.org/perlre.html"
}
@electronic{dpi:pedro:4,
  title         = "Regular Expression Processor",
  url           = "http://regex.wustl.edu/index.php/Main_Page"
}
@electronic{dpi:pedro:5,
  title         = "Maximizing GPU Efficiency in Extreme Throughput Applications",
  url           = "http://www.nvidia.com/content/GTC/documents/1122_GTC09.pdf"
}
@misc{diego:ipnqsis,
  title = "IPnQsis Project",
  url = "http://ipnqsis.org/index.php?title=Main_Page"
}